@article{Acharya_2020, title={Understanding HANK: Insights From a PRANK}, volume={88}, ISSN={0012-9682}, url={http://dx.doi.org/10.3982/ecta16409}, DOI={10.3982/ecta16409}, number={3}, journal={Econometrica}, publisher={The Econometric Society}, author={Acharya, Sushant and Dogra, Keshav}, year={2020}, pages={1113–1158} }
@article{Dynan_2002, title={The Importance of Bequests and Life-Cycle Saving in Capital Accumulation: A New Answer}, volume={92}, ISSN={0002-8282}, url={http://dx.doi.org/10.1257/000282802320189393}, DOI={10.1257/000282802320189393}, number={2}, journal={American Economic Review}, publisher={American Economic Association}, author={Dynan, Karen E and Skinner, Jonathan and Zeldes, Stephen P}, year={2002}, month=apr, pages={274–278} }
@article{Cagetti_2003, title={Wealth Accumulation Over the Life Cycle and Precautionary Savings}, volume={21}, ISSN={1537-2707}, url={http://dx.doi.org/10.1198/073500103288619007}, DOI={10.1198/073500103288619007}, number={3}, journal={Journal of Business &amp; Economic Statistics}, publisher={Informa UK Limited}, author={Cagetti, Marco}, year={2003}, month=jul, pages={339–353} }
@book{Carroll_2004, title={Theoretical Foundations of Buffer Stock Saving}, url={http://dx.doi.org/10.3386/w10867}, DOI={10.3386/w10867}, institution={National Bureau of Economic Research}, author={Carroll, Christopher}, year={2004}, month=nov }
@article{Rotemberg_1984, title={A Monetary Equilibrium Model with Transactions Costs}, volume={92}, ISSN={1537-534X}, url={http://dx.doi.org/10.1086/261207}, DOI={10.1086/261207}, number={1}, journal={Journal of Political Economy}, publisher={University of Chicago Press}, author={Rotemberg, Julio J.}, year={1984}, month=feb, pages={40–58} }
@book{Poterba_1986, title={Money in the Utility Function:  An Empirical Implementation}, url={http://dx.doi.org/10.3386/w1796}, DOI={10.3386/w1796}, institution={National Bureau of Economic Research}, author={Poterba, James and Rotemberg, Julio}, year={1986}, month=jan }
@inbook{2005, url={http://dx.doi.org/10.7551/mitpress/1923.003.0004}, DOI={10.7551/mitpress/1923.003.0004}, booktitle={The Collected Papers of Franco Modigliani}, publisher={The MIT Press}, year={2005} }